<?xml version="1.0" encoding="UTF-8"?><collection xmlns="http://www.loc.gov/MARC21/slim"><record><leader>00299nam--2200121-i-4500</leader><controlfield tag="001">000037541</controlfield><controlfield tag="002">20161230</controlfield><controlfield tag="005">20161230201041</controlfield><controlfield tag="008">060222s1000------------r-----000-0-eng-d</controlfield><datafield ind1=" " ind2=" " tag="100"><subfield code="a">Quenouille, M.H</subfield></datafield><datafield ind1=" " ind2=" " tag="245"><subfield code="a">Associated measurements</subfield></datafield><datafield ind1=" " ind2=" " tag="260"><subfield code="a">London, Butterworths ... 1952, X + 242p</subfield></datafield><datafield ind1=" " ind2=" " tag="852"><subfield code="a">10008</subfield></datafield></record></collection>